@book{CHAPMAN2012,
  author         = {Chapman, Nigel and Chapman, Jenny},
  editor         = {},
  publisher      = {MacAvon Media},
  title          = {Authentication and Authorization on the Web},
  year           = {2012},
  address        = {Esc√≥cia, Reino Unido},
  isbn           = {9780956737052}
}

@inproceedings{TUMIN2012,
    title = {A closer look at authentication and authorization mechanisms for web-based applications},
    author = {Tumin, Sharil and Encheva, Sylvia},
    booktitle = {RECENT RESEARCHES in APPLIED INFORMATION SCIENCE},
    address = {Faro, Portugal},
    pages = {100-105},
    day = {2-4},
    month = {Maio},
    year = {2012},
    isbn = {9781618040893},
}

@misc{OWASP2021,
  author       = {{OWASP}},
  howpublished = {\url{https://owasp.org/Top10/}},
  title        = {OWASP Top 10:2021},
  year         = {2021},
  note = {Acesso em: 26 abr. 2023}
}